<marcx:collection xmlns:marcx="info:lc/xmlns/marcxchange-v1"><marcx:record format="danMARC2" type="Bibliographic"><marcx:leader>00000n    2200000   4500</marcx:leader><marcx:datafield ind1="0" ind2="0" tag="001"><marcx:subfield code="a">00020117</marcx:subfield><marcx:subfield code="b">870970</marcx:subfield><marcx:subfield code="c">19891011</marcx:subfield><marcx:subfield code="d">19740918</marcx:subfield><marcx:subfield code="f">a</marcx:subfield><marcx:subfield code="o">c</marcx:subfield></marcx:datafield><marcx:datafield ind1="0" ind2="0" tag="004"><marcx:subfield code="r">n</marcx:subfield><marcx:subfield code="a">e</marcx:subfield></marcx:datafield><marcx:datafield ind1="0" ind2="0" tag="008"><marcx:subfield code="t">m</marcx:subfield><marcx:subfield code="u">u</marcx:subfield><marcx:subfield code="a">1973</marcx:subfield><marcx:subfield code="b">dk</marcx:subfield><marcx:subfield code="d">l</marcx:subfield><marcx:subfield code="l">dan</marcx:subfield><marcx:subfield code="v">1</marcx:subfield></marcx:datafield><marcx:datafield ind1="0" ind2="0" tag="009"><marcx:subfield code="a">a</marcx:subfield><marcx:subfield code="g">xx</marcx:subfield></marcx:datafield><marcx:datafield ind1="0" ind2="0" tag="011"><marcx:subfield code="a">00138614</marcx:subfield></marcx:datafield><marcx:datafield ind1="0" ind2="0" tag="021"><marcx:subfield code="a">87-571-0465-4</marcx:subfield><marcx:subfield code="d">kr. 103.50 (Norm + Vejledning)</marcx:subfield></marcx:datafield><marcx:datafield ind1="0" ind2="0" tag="032"><marcx:subfield code="a">DBR197075</marcx:subfield><marcx:subfield code="x">SFD197075</marcx:subfield></marcx:datafield><marcx:datafield ind1="0" ind2="0" tag="110"><marcx:subfield code="a">Dansk Ingeniørforening</marcx:subfield></marcx:datafield><marcx:datafield ind1="0" ind2="0" tag="245"><marcx:subfield code="a">Dansk Ingeniørforenings norm for betonkonstruktioner</marcx:subfield><marcx:subfield code="c">Dansk Standard DS 411</marcx:subfield><marcx:subfield code="y">Vejledning</marcx:subfield><marcx:subfield code="c">bilag til Dansk Standard DS 411</marcx:subfield></marcx:datafield><marcx:datafield ind1="0" ind2="0" tag="250"><marcx:subfield code="a">2. udgave</marcx:subfield></marcx:datafield><marcx:datafield ind1="0" ind2="0" tag="260"><marcx:subfield code="b">Teknisk Forlag</marcx:subfield><marcx:subfield code="c">1973</marcx:subfield></marcx:datafield><marcx:datafield ind1="0" ind2="0" tag="300"><marcx:subfield code="a">55 sider</marcx:subfield><marcx:subfield code="b">ill</marcx:subfield></marcx:datafield><marcx:datafield ind1="0" ind2="0" tag="440"><marcx:subfield code="0"/><marcx:subfield code="a">Normstyrelsens publikationer</marcx:subfield><marcx:subfield code="v">NP-117-V</marcx:subfield></marcx:datafield><marcx:datafield ind1="0" ind2="0" tag="652"><marcx:subfield code="m">69.013</marcx:subfield></marcx:datafield><marcx:datafield ind1="0" ind2="0" tag="996"><marcx:subfield code="a">DBC</marcx:subfield></marcx:datafield></marcx:record></marcx:collection>